<record><leader>00000cas a22000007a 4500</leader><controlfield tag="001">12743853</controlfield><controlfield tag="008">851031d18751875paucr ne      0    0eng d</controlfield><datafield ind1=" " ind2=" " tag="010"><subfield code="a">sn 86081616 </subfield></datafield><datafield ind1=" " ind2=" " tag="040"><subfield code="a">NPH</subfield><subfield code="b">eng</subfield><subfield code="c">NPH</subfield><subfield code="d">OCLCQ</subfield></datafield><datafield ind1=" " ind2=" " tag="042"><subfield code="a">msc</subfield></datafield><datafield ind1="0" ind2="4" tag="245"><subfield code="a">The Local mirror.</subfield></datafield><datafield ind1=" " ind2=" " tag="260"><subfield code="a">Carlisle, Pa. :</subfield><subfield code="b">J.S. Cornman,</subfield><subfield code="c">1875.</subfield></datafield><datafield ind1=" " ind2=" " tag="300"><subfield code="a">1 v.</subfield></datafield><datafield ind1=" " ind2=" " tag="310"><subfield code="a">Semiweekly</subfield></datafield><datafield ind1="0" ind2=" " tag="362"><subfield code="a">Vol. 1, no. 1 (Feb. 23, 1875)-v. 1, no. 54 (Aug. 27, 1875).</subfield></datafield><datafield ind1=" " ind2=" " tag="752"><subfield code="a">United States</subfield><subfield code="b">Pennsylvania</subfield><subfield code="c">Cumberland</subfield><subfield code="d">Carlisle.</subfield></datafield><datafield ind1="0" ind2="0" tag="785"><subfield code="t">Carlisle semi-weekly mirror</subfield><subfield code="w">(DLC)sn 86081617</subfield></datafield></record>